<record><leader>00000cas a22000007a 4500</leader><controlfield tag="001">21265065</controlfield><controlfield tag="008">900326d19uu1978couwr ne      0    0eng d</controlfield><datafield ind1=" " ind2=" " tag="010"><subfield code="a">   90051177 </subfield></datafield><datafield ind1=" " ind2=" " tag="040"><subfield code="a">CNQ</subfield><subfield code="b">eng</subfield><subfield code="c">CNQ</subfield><subfield code="d">DAD</subfield><subfield code="d">OCLCQ</subfield><subfield code="d">OCLCF</subfield><subfield code="d">OCLCO</subfield></datafield><datafield ind1="1" ind2=" " tag="029"><subfield code="a">AU@</subfield><subfield code="b">000025590413</subfield></datafield><datafield ind1=" " ind2=" " tag="042"><subfield code="a">msc</subfield></datafield><datafield ind1="0" ind2=" " tag="130"><subfield code="a">Press (Parker, Colo. : 19uu)</subfield></datafield><datafield ind1="1" ind2="4" tag="245"><subfield code="a">The press.</subfield></datafield><datafield ind1="1" ind2="3" tag="246"><subfield code="a">Parker press</subfield></datafield><datafield ind1=" " ind2=" " tag="260"><subfield code="a">Parker, (Douglas County), Colo. :</subfield><subfield code="b">Jerry L. Brock</subfield></datafield><datafield ind1=" " ind2=" " tag="300"><subfield code="a">v.</subfield></datafield><datafield ind1=" " ind2=" " tag="310"><subfield code="a">Weekly</subfield></datafield><datafield ind1="0" ind2=" " tag="362"><subfield code="a">-; -v. 6, no. 11 (Aug. 23, 1978).</subfield></datafield><datafield ind1=" " ind2=" " tag="530"><subfield code="a">Available on microfilm from the Colorado Historical Society.</subfield></datafield><datafield ind1=" " ind2=" " tag="588"><subfield code="a">Description based on: Vol. 11, no. 32 (Jan. 25, 1973).</subfield></datafield><datafield ind1="2" ind2="0" tag="610"><subfield code="a">Douglas County History Research Center (Colo.)</subfield></datafield><datafield ind1="2" ind2="7" tag="610"><subfield code="a">Douglas County History Research Center (Colo.)</subfield><subfield code="2">fast</subfield><subfield code="0">(OCoLC)fst01640199</subfield></datafield><datafield ind1=" " ind2=" " tag="752"><subfield code="a">United States</subfield><subfield code="b">Colorado</subfield><subfield code="c">Douglas</subfield><subfield code="d">Parker.</subfield></datafield><datafield ind1="0" ind2="0" tag="785"><subfield code="t">Wednesday press</subfield><subfield code="w">(DLC)sn 90051178</subfield></datafield></record>